<record><leader>00000cas a2200000 a 4500</leader><controlfield tag="001">33285928</controlfield><controlfield tag="008">951012d19261937nyudn ne      0    0eng c</controlfield><datafield ind1=" " ind2=" " tag="010"><subfield code="a">sn 95071428 </subfield></datafield><datafield ind1=" " ind2=" " tag="040"><subfield code="a">NYS</subfield><subfield code="b">eng</subfield><subfield code="c">NYS</subfield><subfield code="d">OCLCQ</subfield><subfield code="d">NYS</subfield><subfield code="d">OCLCQ</subfield><subfield code="d">OCLCF</subfield><subfield code="d">OCLCO</subfield></datafield><datafield ind1="1" ind2=" " tag="029"><subfield code="a">AU@</subfield><subfield code="b">000025542083</subfield></datafield><datafield ind1=" " ind2=" " tag="042"><subfield code="a">pcc</subfield></datafield><datafield ind1=" " ind2=" " tag="043"><subfield code="a">n-us-ny</subfield></datafield><datafield ind1="0" ind2="4" tag="245"><subfield code="a">The Nassau daily review.</subfield></datafield><datafield ind1="1" ind2="3" tag="246"><subfield code="a">Girl Scout review</subfield></datafield><datafield ind1=" " ind2=" " tag="260"><subfield code="a">Freeport, N.Y. :</subfield><subfield code="b">Daily Review Corp.</subfield></datafield><datafield ind1=" " ind2=" " tag="300"><subfield code="a">v.</subfield></datafield><datafield ind1=" " ind2=" " tag="310"><subfield code="a">Daily (except Sunday)</subfield></datafield><datafield ind1="0" ind2=" " tag="362"><subfield code="a">Vol. 29, no. 12 (Jan. 15, 1926)-v. 39, no. 49 (Feb. 27, 1937).</subfield></datafield><datafield ind1=" " ind2=" " tag="500"><subfield code="a">"Republican."</subfield></datafield><datafield ind1=" " ind2=" " tag="500"><subfield code="a">Published a geographical edition for Central Island.</subfield></datafield><datafield ind1=" " ind2=" " tag="500"><subfield code="a">Published a separate section on Saturdays with the title Girl Scout review, 1935-1937.</subfield></datafield><datafield ind1=" " ind2="0" tag="651"><subfield code="a">Freeport (N.Y.)</subfield><subfield code="v">Newspapers.</subfield></datafield><datafield ind1=" " ind2="0" tag="651"><subfield code="a">Nassau County (N.Y.)</subfield><subfield code="v">Newspapers.</subfield></datafield><datafield ind1=" " ind2="7" tag="655"><subfield code="a">Newspapers.</subfield><subfield code="2">fast</subfield><subfield code="0">(OCoLC)fst01423814</subfield></datafield><datafield ind1=" " ind2="7" tag="651"><subfield code="a">New York (State)</subfield><subfield code="z">Freeport.</subfield><subfield code="2">fast</subfield><subfield code="0">(OCoLC)fst01223669</subfield></datafield><datafield ind1=" " ind2="7" tag="651"><subfield code="a">New York (State)</subfield><subfield code="z">Nassau County.</subfield><subfield code="2">fast</subfield><subfield code="0">(OCoLC)fst01205518</subfield></datafield><datafield ind1=" " ind2=" " tag="752"><subfield code="a">United States</subfield><subfield code="b">New York</subfield><subfield code="c">Nassau</subfield><subfield code="d">Freeport.</subfield></datafield><datafield ind1="0" ind2="0" tag="780"><subfield code="t">Daily review (Freeport, N.Y.)</subfield><subfield code="w">(DLC)sn 95071431</subfield><subfield code="w">(OCoLC)33285710</subfield></datafield><datafield ind1="0" ind2="7" tag="785"><subfield code="t">Nassau daily star and Woodmere-Hewlett herald</subfield><subfield code="w">(DLC)sn 95071231</subfield><subfield code="w">(OCoLC)32569445</subfield></datafield><datafield ind1="0" ind2="7" tag="785"><subfield code="t">Nassau daily review and Nassau star</subfield><subfield code="w">(DLC)sn 95071429</subfield><subfield code="w">(OCoLC)33329277</subfield></datafield></record>